@article{zhang2013palm,
  title={Palm-Print Classification by Global Features},
  author={Zhang, Bob and Li, Wei and Qing, Pei and Zhang, David},
  journal={Systems, Man, and Cybernetics: Systems, IEEE Transactions on},
  volume={43},
  number={2},
  pages={370--378},
  year={2013},
  publisher={IEEE}
}
