@article{zhang2013palm,
  title={Palm-Print Classification by Global Features},
  author={Zhang, Bob and Li, Wei and Qing, Pei and Zhang, David},
  journal={Systems, Man, and Cybernetics: Systems, IEEE Transactions on},
  volume={43},
  number={2},
  pages={370--378},
  year={2013},
  publisher={IEEE}
}

@patent{CN106641933A, author={Bai, Lu and Chen, Chunguang and Qiao, Shengfan and Liu, Xuesong and Song, Yunlong and Chen, Renxian and Yu, Dehai and Liu, Jia and Yu, Letao and Jia, Chenran and Li, Jing and Fan, Xing and Qin, Weitong and Li, Tie and Jiang, Yuxi and Zhang, Qian and Qing, Pei},
  title={Street lamp equipment},
  country={CN},
  nationality="China",
  patentid={CN106641933A},
  number="CN106641933A",
  dayfiled="23",
  monthfiled=nov,
  yearfiled="2016",
  date={2017-05-10},
  day="10",
  month=may,
  year="2017",
  langauge={zh},
  url={https://www.patenthub.cn/patent/CN106641933A.html}
}

@patent{CN106781644A, author={Bai, Lu and Chen, Chunguang and Qiao, Shengfan and Liu, Xuesong and Song, Yunlong and Yu, Dehai and Chen, Renxian and Jia, Chenran and Yu, Letao and Li, Yang and Liu, Jia and Jiang, Yuxi and Zhang, Qian and Qing, Pei},
  title={Streetlight charging pile, and parking space management method, apparatus, and system thereof},
  country={CN},
  nationality="China",
  patentid={CN106781644A},
  number="CN106781644A",
  dayfiled="22",
  monthfiled=nov,
  yearfiled="2016",
  date={2017-05-31},
  day="31",
  month=may,
  year="2017",
  langauge={zh},
  url={https://www.patenthub.cn/patent/CN106781644A.html}
}

@patent{CN206222158U, author={Bai, Lu and Chen, Chunguang and Xu, Shaojun and Qiao, Shengfan and Liu, Xuesong and Song, Yunlong and Yu, Dehai and Chen, Renxian and Yu, Letao and Liu, Jia and Jia, Chenran and Jiang, Yuxi and Zhang, Qian and Qing, Pei},
  title={Street lamp equipment box},
  country={CN},
  nationality="China",
  patentid={CN206222158U},
  number="CN206222158U",
  dayfiled="18",
  monthfiled=nov,
  yearfiled="2016",
  date={2017-06-06},
  day="06",
  month=jun,
  year="2017",
  langauge={zh},
  url={https://www.patenthub.cn/patent/CN206222158U.html}
}

@patent{CN107274695A,
  author={Jiang, Yuxi and Zhou, Fan and Qing, Pei and Shuai, Yinhong},
  title={Smart lighting system, smart vehicle and driver assistant system and method thereof},
  country={CN},
  nationality="China",
  patentid={CN107274695A},
  number="CN107274695A",
  dayfiled="08",
  monthfiled=apr,
  yearfiled="2016",
  date={2017-10-20},
  day="20",
  month=oct,
  year="2017",
  langauge={zh},
  url={https://www.patenthub.cn/patent/CN107274695A.html}
}

@patent{CN105828459A,
  author={Jiang, Yuxi and Liao, Hongyin and Qing, Pei and Li Yingqi},
  title={Place vehicle management system, vehicle terminal and vehicle},
  country={CN},
  nationality="China",
  patentid={CN105828459A},
  number="CN105828459A",
  dayfiled="13",
  monthfiled=may,
  yearfiled="2016",
  date={2016-08-03},
  day="03",
  month=aug,
  year="2016",
  langauge={zh},
  url={https://www.patenthub.cn/patent/CN105828459A.html}
}
