@article{zhang2013palm,
  title={Palm-Print Classification by Global Features},
  author={Zhang, Bob and Li, Wei and Qing, Pei and Zhang, David},
  journal={Systems, Man, and Cybernetics: Systems, IEEE Transactions on},
  volume={43},
  number={2},
  pages={370--378},
  year={2013},
  publisher={IEEE}
}

@patent{CN106641933A,
  author={白鹭，陈春光，乔生繁，刘雪松，宋云龙，陈壬贤，于德海，刘嘉，于乐淘，贾忱然，李静，樊星，覃炜瞳，李铁，姜玉稀，章干，卿培},
  title={路灯设备},
  country={CN},
  patentid={CN106641933A},
  date={2017-05-10},
  langauge={zh},
}

@patent{CN106781644A,
  author={白鹭，陈春光，乔生繁，刘雪松，宋云龙，于德海，陈壬贤，贾忱然，于乐淘，李阳，刘嘉，姜玉稀，章干，卿培},
  title={路灯充电桩及其停车位管理方法、装置和系统},
  country={CN},
  patentid={CN106781644A},
  date={2017-05-31},
  langauge={zh},
}

@patent{CN206222158U,
  author={白鹭，陈春光，徐绍军，乔生繁，刘雪松，宋云龙，于德海，陈壬贤，于乐淘，刘嘉，贾忱然，姜玉稀，章干，卿培},
  title={路灯设备盒},
  country={CN},
  patentid={CN206222158U},
  date={2017-06-06},
  langauge={zh},
}

@patent{CN107274695A,
  author={姜玉稀，周繁，卿培，帅应红},
  title={智能照明系统、智能车辆及其车辆辅助驾驶系统和方法},
  country={CN},
  patentid={CN107274695A},
  date={2017-10-20},
  langauge={zh},
}

@patent{CN105828459A,
  author={姜玉稀，廖红印，卿培，李应启},
  title={场所车辆管理系统、车载终端及车辆},
  country={CN},
  patentid={CN105828459A},
  date={2016-08-03},
  langauge={zh},
}

